<record><leader>00000cas a22000007a 4500</leader><controlfield tag="001">17430464</controlfield><controlfield tag="008">880204d19151980laucr ne      0    0eng d</controlfield><datafield ind1=" " ind2=" " tag="010"><subfield code="a">sn 88064037 </subfield></datafield><datafield ind1=" " ind2=" " tag="040"><subfield code="a">LNP</subfield><subfield code="b">eng</subfield><subfield code="c">LNP</subfield><subfield code="d">OCLCQ</subfield><subfield code="d">OCLCF</subfield><subfield code="d">OCLCO</subfield></datafield><datafield ind1=" " ind2=" " tag="042"><subfield code="a">msc</subfield></datafield><datafield ind1=" " ind2=" " tag="043"><subfield code="a">n-us-la</subfield></datafield><datafield ind1="0" ind2=" " tag="130"><subfield code="a">De Ridder enterprise (DeRidder, La. : 1915)</subfield></datafield><datafield ind1="1" ind2="0" tag="245"><subfield code="a">De Ridder enterprise.</subfield></datafield><datafield ind1="1" ind2="3" tag="246"><subfield code="a">DeRidder enterprise</subfield></datafield><datafield ind1=" " ind2=" " tag="260"><subfield code="a">De Ridder, La. :</subfield><subfield code="b">Mrs. Ethel B. Steidley</subfield></datafield><datafield ind1=" " ind2=" " tag="310"><subfield code="a">Semiweekly,</subfield><subfield code="b">Jan. 13, 1980-Apr. 24, 1980</subfield></datafield><datafield ind1=" " ind2=" " tag="321"><subfield code="a">Weekly,</subfield><subfield code="b">1915-Jan. 10, 1980</subfield></datafield><datafield ind1="1" ind2=" " tag="362"><subfield code="a">Began in 1915.</subfield></datafield><datafield ind1="0" ind2=" " tag="362"><subfield code="a">-v. 75, no. 30 (Apr. 24, 1980).</subfield></datafield><datafield ind1=" " ind2=" " tag="500"><subfield code="a">Official journal of the city of De Ridder and the town of Merryville.</subfield></datafield><datafield ind1=" " ind2=" " tag="588"><subfield code="a">Description based on: Vol. 10, no. 10 (Mar. 4, 1915).</subfield></datafield><datafield ind1=" " ind2="0" tag="651"><subfield code="a">DeRidder (La.)</subfield><subfield code="v">Newspapers.</subfield></datafield><datafield ind1=" " ind2="4" tag="651"><subfield code="a">Merryville (La.)</subfield><subfield code="v">Newspapers.</subfield></datafield><datafield ind1=" " ind2="7" tag="655"><subfield code="a">Newspapers.</subfield><subfield code="2">fast</subfield><subfield code="0">(OCoLC)fst01423814</subfield></datafield><datafield ind1=" " ind2="7" tag="651"><subfield code="a">Louisiana</subfield><subfield code="z">DeRidder.</subfield><subfield code="2">fast</subfield><subfield code="0">(OCoLC)fst01217784</subfield></datafield><datafield ind1=" " ind2=" " tag="752"><subfield code="a">United States</subfield><subfield code="b">Louisiana</subfield><subfield code="c">Beauregard</subfield><subfield code="d">DeRidder.</subfield></datafield><datafield ind1=" " ind2=" " tag="752"><subfield code="a">United States</subfield><subfield code="b">Louisiana</subfield><subfield code="c">Beauregard</subfield><subfield code="d">Merryville.</subfield></datafield><datafield ind1="0" ind2="0" tag="780"><subfield code="t">De Ridder enterprise-messenger</subfield><subfield code="w">(DLC)sn 89059400</subfield></datafield><datafield ind1="0" ind2="4" tag="785"><subfield code="t">Beauregard news</subfield><subfield code="g">Apr. 29, 1980</subfield><subfield code="w">(DLC)sn 88064038</subfield></datafield></record>